<record xmlns="http://www.loc.gov/MARC21/slim">
    <leader>     nam a22     5i 4500</leader>
    <controlfield tag="001">W22084</controlfield>
    <controlfield tag="008">^^^^^^suuuu^^^^ii^^^^^^^^^^^|||||||tib^d</controlfield>
    <datafield tag="040" ind1=" " ind2=" ">
        <subfield code="a">MaCbTBRC</subfield>
        <subfield code="c">MaCbTBRC</subfield>
    </datafield>
    <datafield tag="050" ind1=" " ind2="4">
        <subfield code="a">BQ1260</subfield>
        <subfield code="b">1976 </subfield>
    </datafield>
    <datafield tag="245" ind1="0" ind2="0">
        <subfield code="6">880-01</subfield>
        <subfield code="a">bka' 'gyur (sde dge par phud)</subfield>
        <subfield code="h">[electronic resource].</subfield>
    </datafield>
    <datafield tag="246" ind1="1" ind2="3">
        <subfield code="a">The Sde-dge Mtshal-par Bkaʼ-ʼgyur:a facsimile edition of the 18th century redaction of Si-tu Chos-kyi-ʼbyuṅ-gnas /prepared under the direction of H.H the 16th Rgyal-dbaṅ Karma-pa.</subfield>
    </datafield>
    <datafield tag="880" ind1="0" ind2="0">
        <subfield code="6">245-01</subfield>
        <subfield code="a">བཀའ་འགྱུར ༼སྡེ་དགེ་པར་ཕུད༽</subfield>
    </datafield>
    <datafield tag="260" ind1=" " ind2=" ">
        <subfield code="a">Delhi :</subfield>
        <subfield code="b">Delhi karmapae chodhey gyalwae sungrab partun khang,</subfield>
        <subfield code="c">1976-1979</subfield>
    </datafield>
    <datafield tag="300" ind1=" " ind2=" ">
        <subfield code="a">103 v.</subfield>
    </datafield>
    <datafield tag="505" ind1="0" ind2=" ">
        <subfield code="a">'dul ba/ (ka - pa)--sher phyin 'bum/ (ka - a)--sher phyin stong phrag nyi shu lnga  pa/ ( ka - ga )--sher phyin khri brgyad stong pa/ ( ka
            - ga )--khri pa/ (ga - nga)-- brgyad stong pa/ ( ka
            )--sher phyin sna tshogs/ ( ka )--phal chen/ ( ka - a )--dkon brtsegs/ (ka -cha)--mdo sde/ ( ka - aH ) --rgyud 'bum/ ( ka - wa ) --rnying rgyud (ka - ga ) --gzungs 'dus ( e - waM ) -- dus 'khor 'grel bshad (shrI) --bka' 'gyur dkar chag
            (lak+ShiM)</subfield>
    </datafield>
    <datafield tag="506" ind1=" " ind2=" ">
        <subfield code="a">Open Access.</subfield>
        <subfield code="f">Unrestricted online access</subfield>
        <subfield code="2">star</subfield>
    </datafield>
    <datafield tag="542" ind1="1" ind2=" ">
        <subfield code="l">Public Domain</subfield>
        <subfield code="u">http://creativecommons.org/publicdomain/mark/1.0/</subfield>
    </datafield>
    <datafield tag="520" ind1=" " ind2=" ">
        <subfield code="a">Dege Kangyur. Facsimile of the parpud or 'first fruit' printing of the 1733 blocks, meaning it was pressed before later changes were made to the blocks. Produced under the patronage of the Dege King Tenpa Tsering. Chief editor was Palpung Tai Situ Chokyi Jungne in 1733. One of the first editions of the Tibetan canon to be widely distributed, and is almost universally praised for its clarity. Editors in India made numerous changes in preparation for this edition, printed 1976-1979.</subfield>
    </datafield>
    <datafield tag="533" ind1=" " ind2=" ">
        <subfield code="a">Electronic reproduction.</subfield>
        <subfield code="b">Cambridge, Mass. :</subfield>
        <subfield code="c">Buddhist Digital Resource Center.</subfield>
    </datafield>
    <datafield tag="546" ind1=" " ind2=" ">
        <subfield code="a">In Tibetan</subfield>
    </datafield>
    <datafield tag="653" ind1=" " ind2=" ">
        <subfield code="a">bka' 'gyur//</subfield>
    </datafield>
    <datafield tag="720" ind1="1" ind2=" ">
        <subfield code="a">chos kyi 'byung gnas//  si tu chos kyi 'byung gnas, 1699/1700-1774</subfield>
        <subfield code="e">editor</subfield>
    </datafield>
    <datafield tag="773" ind1="0" ind2=" ">
        <subfield code="t">TBRC Core Text Collection.</subfield>
        <subfield code="g">1</subfield>
    </datafield>
    <datafield tag="776" ind1="0" ind2=" ">
        <subfield code="c">Original</subfield>
        <subfield code="w">(DLC)   76902420</subfield>
    </datafield>
    <datafield tag="776" ind1="0" ind2=" ">
        <subfield code="i">Print version in the Harvard Library</subfield>
        <subfield code="w">(MH)010897185</subfield>
    </datafield>
    <datafield tag="856" ind1="4" ind2="0">
        <subfield code="u">http://www.tbrc.org/link?RID=W22084</subfield>
        <subfield code="z">Available from TBRC</subfield>
    </datafield>
    <datafield tag="955" ind1=" " ind2=" ">
        <subfield code="a">W22084-0886</subfield>
        <subfield code="c">v.1</subfield>
    </datafield>
    <datafield tag="955" ind1=" " ind2=" ">
        <subfield code="a">W22084-0887</subfield>
        <subfield code="c">v.2</subfield>
    </datafield>
    <datafield tag="955" ind1=" " ind2=" ">
        <subfield code="a">W22084-0888</subfield>
        <subfield code="c">v.3</subfield>
    </datafield>
    <datafield tag="955" ind1=" " ind2=" ">
        <subfield code="a">W22084-0889</subfield>
        <subfield code="c">v.4</subfield>
    </datafield>
    <datafield tag="955" ind1=" " ind2=" ">
        <subfield code="a">W22084-0890</subfield>
        <subfield code="c">v.5</subfield>
    </datafield>
    <datafield tag="955" ind1=" " ind2=" ">
        <subfield code="a">W22084-0891</subfield>
        <subfield code="c">v.6</subfield>
    </datafield>
    <datafield tag="955" ind1=" " ind2=" ">
        <subfield code="a">W22084-0892</subfield>
        <subfield code="c">v.7</subfield>
    </datafield>
    <datafield tag="955" ind1=" " ind2=" ">
        <subfield code="a">W22084-0893</subfield>
        <subfield code="c">v.8</subfield>
    </datafield>
    <datafield tag="955" ind1=" " ind2=" ">
        <subfield code="a">W22084-0894</subfield>
        <subfield code="c">v.9</subfield>
    </datafield>
    <datafield tag="955" ind1=" " ind2=" ">
        <subfield code="a">W22084-0895</subfield>
        <subfield code="c">v.10</subfield>
    </datafield>
    <datafield tag="955" ind1=" " ind2=" ">
        <subfield code="a">W22084-0896</subfield>
        <subfield code="c">v.11</subfield>
    </datafield>
    <datafield tag="955" ind1=" " ind2=" ">
        <subfield code="a">W22084-0897</subfield>
        <subfield code="c">v.12</subfield>
    </datafield>
    <datafield tag="955" ind1=" " ind2=" ">
        <subfield code="a">W22084-0898</subfield>
        <subfield code="c">v.13</subfield>
    </datafield>
    <datafield tag="955" ind1=" " ind2=" ">
        <subfield code="a">W22084-0899</subfield>
        <subfield code="c">v.14</subfield>
    </datafield>
    <datafield tag="955" ind1=" " ind2=" ">
        <subfield code="a">W22084-0900</subfield>
        <subfield code="c">v.15</subfield>
    </datafield>
    <datafield tag="955" ind1=" " ind2=" ">
        <subfield code="a">W22084-0901</subfield>
        <subfield code="c">v.16</subfield>
    </datafield>
    <datafield tag="955" ind1=" " ind2=" ">
        <subfield code="a">W22084-0902</subfield>
        <subfield code="c">v.17</subfield>
    </datafield>
    <datafield tag="955" ind1=" " ind2=" ">
        <subfield code="a">W22084-0903</subfield>
        <subfield code="c">v.18</subfield>
    </datafield>
    <datafield tag="955" ind1=" " ind2=" ">
        <subfield code="a">W22084-0904</subfield>
        <subfield code="c">v.19</subfield>
    </datafield>
    <datafield tag="955" ind1=" " ind2=" ">
        <subfield code="a">W22084-0905</subfield>
        <subfield code="c">v.20</subfield>
    </datafield>
    <datafield tag="955" ind1=" " ind2=" ">
        <subfield code="a">W22084-0906</subfield>
        <subfield code="c">v.21</subfield>
    </datafield>
    <datafield tag="955" ind1=" " ind2=" ">
        <subfield code="a">W22084-0907</subfield>
        <subfield code="c">v.22</subfield>
    </datafield>
    <datafield tag="955" ind1=" " ind2=" ">
        <subfield code="a">W22084-0908</subfield>
        <subfield code="c">v.23</subfield>
    </datafield>
    <datafield tag="955" ind1=" " ind2=" ">
        <subfield code="a">W22084-0909</subfield>
        <subfield code="c">v.24</subfield>
    </datafield>
    <datafield tag="955" ind1=" " ind2=" ">
        <subfield code="a">W22084-0910</subfield>
        <subfield code="c">v.25</subfield>
    </datafield>
    <datafield tag="955" ind1=" " ind2=" ">
        <subfield code="a">W22084-0911</subfield>
        <subfield code="c">v.26</subfield>
    </datafield>
    <datafield tag="955" ind1=" " ind2=" ">
        <subfield code="a">W22084-0912</subfield>
        <subfield code="c">v.27</subfield>
    </datafield>
    <datafield tag="955" ind1=" " ind2=" ">
        <subfield code="a">W22084-0913</subfield>
        <subfield code="c">v.28</subfield>
    </datafield>
    <datafield tag="955" ind1=" " ind2=" ">
        <subfield code="a">W22084-0914</subfield>
        <subfield code="c">v.29</subfield>
    </datafield>
    <datafield tag="955" ind1=" " ind2=" ">
        <subfield code="a">W22084-0915</subfield>
        <subfield code="c">v.30</subfield>
    </datafield>
    <datafield tag="955" ind1=" " ind2=" ">
        <subfield code="a">W22084-0916</subfield>
        <subfield code="c">v.31</subfield>
    </datafield>
    <datafield tag="955" ind1=" " ind2=" ">
        <subfield code="a">W22084-0917</subfield>
        <subfield code="c">v.32</subfield>
    </datafield>
    <datafield tag="955" ind1=" " ind2=" ">
        <subfield code="a">W22084-0918</subfield>
        <subfield code="c">v.33</subfield>
    </datafield>
    <datafield tag="955" ind1=" " ind2=" ">
        <subfield code="a">W22084-0919</subfield>
        <subfield code="c">v.34</subfield>
    </datafield>
    <datafield tag="955" ind1=" " ind2=" ">
        <subfield code="a">W22084-0920</subfield>
        <subfield code="c">v.35</subfield>
    </datafield>
    <datafield tag="955" ind1=" " ind2=" ">
        <subfield code="a">W22084-0921</subfield>
        <subfield code="c">v.36</subfield>
    </datafield>
    <datafield tag="955" ind1=" " ind2=" ">
        <subfield code="a">W22084-0922</subfield>
        <subfield code="c">v.37</subfield>
    </datafield>
    <datafield tag="955" ind1=" " ind2=" ">
        <subfield code="a">W22084-0923</subfield>
        <subfield code="c">v.38</subfield>
    </datafield>
    <datafield tag="955" ind1=" " ind2=" ">
        <subfield code="a">W22084-0924</subfield>
        <subfield code="c">v.39</subfield>
    </datafield>
    <datafield tag="955" ind1=" " ind2=" ">
        <subfield code="a">W22084-0925</subfield>
        <subfield code="c">v.40</subfield>
    </datafield>
    <datafield tag="955" ind1=" " ind2=" ">
        <subfield code="a">W22084-0926</subfield>
        <subfield code="c">v.41</subfield>
    </datafield>
    <datafield tag="955" ind1=" " ind2=" ">
        <subfield code="a">W22084-0927</subfield>
        <subfield code="c">v.42</subfield>
    </datafield>
    <datafield tag="955" ind1=" " ind2=" ">
        <subfield code="a">W22084-0928</subfield>
        <subfield code="c">v.43</subfield>
    </datafield>
    <datafield tag="955" ind1=" " ind2=" ">
        <subfield code="a">W22084-0929</subfield>
        <subfield code="c">v.44</subfield>
    </datafield>
    <datafield tag="955" ind1=" " ind2=" ">
        <subfield code="a">W22084-0930</subfield>
        <subfield code="c">v.45</subfield>
    </datafield>
    <datafield tag="955" ind1=" " ind2=" ">
        <subfield code="a">W22084-0931</subfield>
        <subfield code="c">v.46</subfield>
    </datafield>
    <datafield tag="955" ind1=" " ind2=" ">
        <subfield code="a">W22084-0932</subfield>
        <subfield code="c">v.47</subfield>
    </datafield>
    <datafield tag="955" ind1=" " ind2=" ">
        <subfield code="a">W22084-0933</subfield>
        <subfield code="c">v.48</subfield>
    </datafield>
    <datafield tag="955" ind1=" " ind2=" ">
        <subfield code="a">W22084-0934</subfield>
        <subfield code="c">v.49</subfield>
    </datafield>
    <datafield tag="955" ind1=" " ind2=" ">
        <subfield code="a">W22084-0935</subfield>
        <subfield code="c">v.50</subfield>
    </datafield>
    <datafield tag="955" ind1=" " ind2=" ">
        <subfield code="a">W22084-0936</subfield>
        <subfield code="c">v.51</subfield>
    </datafield>
    <datafield tag="955" ind1=" " ind2=" ">
        <subfield code="a">W22084-0937</subfield>
        <subfield code="c">v.52</subfield>
    </datafield>
    <datafield tag="955" ind1=" " ind2=" ">
        <subfield code="a">W22084-0938</subfield>
        <subfield code="c">v.53</subfield>
    </datafield>
    <datafield tag="955" ind1=" " ind2=" ">
        <subfield code="a">W22084-0939</subfield>
        <subfield code="c">v.54</subfield>
    </datafield>
    <datafield tag="955" ind1=" " ind2=" ">
        <subfield code="a">W22084-0940</subfield>
        <subfield code="c">v.55</subfield>
    </datafield>
    <datafield tag="955" ind1=" " ind2=" ">
        <subfield code="a">W22084-0941</subfield>
        <subfield code="c">v.56</subfield>
    </datafield>
    <datafield tag="955" ind1=" " ind2=" ">
        <subfield code="a">W22084-0942</subfield>
        <subfield code="c">v.57</subfield>
    </datafield>
    <datafield tag="955" ind1=" " ind2=" ">
        <subfield code="a">W22084-0943</subfield>
        <subfield code="c">v.58</subfield>
    </datafield>
    <datafield tag="955" ind1=" " ind2=" ">
        <subfield code="a">W22084-0944</subfield>
        <subfield code="c">v.59</subfield>
    </datafield>
    <datafield tag="955" ind1=" " ind2=" ">
        <subfield code="a">W22084-0945</subfield>
        <subfield code="c">v.60</subfield>
    </datafield>
    <datafield tag="955" ind1=" " ind2=" ">
        <subfield code="a">W22084-0946</subfield>
        <subfield code="c">v.61</subfield>
    </datafield>
    <datafield tag="955" ind1=" " ind2=" ">
        <subfield code="a">W22084-0947</subfield>
        <subfield code="c">v.62</subfield>
    </datafield>
    <datafield tag="955" ind1=" " ind2=" ">
        <subfield code="a">W22084-0948</subfield>
        <subfield code="c">v.63</subfield>
    </datafield>
    <datafield tag="955" ind1=" " ind2=" ">
        <subfield code="a">W22084-0949</subfield>
        <subfield code="c">v.64</subfield>
    </datafield>
    <datafield tag="955" ind1=" " ind2=" ">
        <subfield code="a">W22084-0950</subfield>
        <subfield code="c">v.65</subfield>
    </datafield>
    <datafield tag="955" ind1=" " ind2=" ">
        <subfield code="a">W22084-0951</subfield>
        <subfield code="c">v.66</subfield>
    </datafield>
    <datafield tag="955" ind1=" " ind2=" ">
        <subfield code="a">W22084-0952</subfield>
        <subfield code="c">v.67</subfield>
    </datafield>
    <datafield tag="955" ind1=" " ind2=" ">
        <subfield code="a">W22084-0953</subfield>
        <subfield code="c">v.68</subfield>
    </datafield>
    <datafield tag="955" ind1=" " ind2=" ">
        <subfield code="a">W22084-0954</subfield>
        <subfield code="c">v.69</subfield>
    </datafield>
    <datafield tag="955" ind1=" " ind2=" ">
        <subfield code="a">W22084-0955</subfield>
        <subfield code="c">v.70</subfield>
    </datafield>
    <datafield tag="955" ind1=" " ind2=" ">
        <subfield code="a">W22084-0956</subfield>
        <subfield code="c">v.71</subfield>
    </datafield>
    <datafield tag="955" ind1=" " ind2=" ">
        <subfield code="a">W22084-0957</subfield>
        <subfield code="c">v.72</subfield>
    </datafield>
    <datafield tag="955" ind1=" " ind2=" ">
        <subfield code="a">W22084-0958</subfield>
        <subfield code="c">v.73</subfield>
    </datafield>
    <datafield tag="955" ind1=" " ind2=" ">
        <subfield code="a">W22084-0959</subfield>
        <subfield code="c">v.74</subfield>
    </datafield>
    <datafield tag="955" ind1=" " ind2=" ">
        <subfield code="a">W22084-0960</subfield>
        <subfield code="c">v.75</subfield>
    </datafield>
    <datafield tag="955" ind1=" " ind2=" ">
        <subfield code="a">W22084-0961</subfield>
        <subfield code="c">v.76</subfield>
    </datafield>
    <datafield tag="955" ind1=" " ind2=" ">
        <subfield code="a">W22084-0962</subfield>
        <subfield code="c">v.77</subfield>
    </datafield>
    <datafield tag="955" ind1=" " ind2=" ">
        <subfield code="a">W22084-0963</subfield>
        <subfield code="c">v.78</subfield>
    </datafield>
    <datafield tag="955" ind1=" " ind2=" ">
        <subfield code="a">W22084-0964</subfield>
        <subfield code="c">v.79</subfield>
    </datafield>
    <datafield tag="955" ind1=" " ind2=" ">
        <subfield code="a">W22084-0965</subfield>
        <subfield code="c">v.80</subfield>
    </datafield>
    <datafield tag="955" ind1=" " ind2=" ">
        <subfield code="a">W22084-0966</subfield>
        <subfield code="c">v.81</subfield>
    </datafield>
    <datafield tag="955" ind1=" " ind2=" ">
        <subfield code="a">W22084-0967</subfield>
        <subfield code="c">v.82</subfield>
    </datafield>
    <datafield tag="955" ind1=" " ind2=" ">
        <subfield code="a">W22084-0968</subfield>
        <subfield code="c">v.83</subfield>
    </datafield>
    <datafield tag="955" ind1=" " ind2=" ">
        <subfield code="a">W22084-0969</subfield>
        <subfield code="c">v.84</subfield>
    </datafield>
    <datafield tag="955" ind1=" " ind2=" ">
        <subfield code="a">W22084-0970</subfield>
        <subfield code="c">v.85</subfield>
    </datafield>
    <datafield tag="955" ind1=" " ind2=" ">
        <subfield code="a">W22084-0971</subfield>
        <subfield code="c">v.86</subfield>
    </datafield>
    <datafield tag="955" ind1=" " ind2=" ">
        <subfield code="a">W22084-0972</subfield>
        <subfield code="c">v.87</subfield>
    </datafield>
    <datafield tag="955" ind1=" " ind2=" ">
        <subfield code="a">W22084-0973</subfield>
        <subfield code="c">v.88</subfield>
    </datafield>
    <datafield tag="955" ind1=" " ind2=" ">
        <subfield code="a">W22084-0974</subfield>
        <subfield code="c">v.89</subfield>
    </datafield>
    <datafield tag="955" ind1=" " ind2=" ">
        <subfield code="a">W22084-0975</subfield>
        <subfield code="c">v.90</subfield>
    </datafield>
    <datafield tag="955" ind1=" " ind2=" ">
        <subfield code="a">W22084-0976</subfield>
        <subfield code="c">v.91</subfield>
    </datafield>
    <datafield tag="955" ind1=" " ind2=" ">
        <subfield code="a">W22084-0977</subfield>
        <subfield code="c">v.92</subfield>
    </datafield>
    <datafield tag="955" ind1=" " ind2=" ">
        <subfield code="a">W22084-0978</subfield>
        <subfield code="c">v.93</subfield>
    </datafield>
    <datafield tag="955" ind1=" " ind2=" ">
        <subfield code="a">W22084-0979</subfield>
        <subfield code="c">v.94</subfield>
    </datafield>
    <datafield tag="955" ind1=" " ind2=" ">
        <subfield code="a">W22084-0980</subfield>
        <subfield code="c">v.95</subfield>
    </datafield>
    <datafield tag="955" ind1=" " ind2=" ">
        <subfield code="a">W22084-0981</subfield>
        <subfield code="c">v.96</subfield>
    </datafield>
    <datafield tag="955" ind1=" " ind2=" ">
        <subfield code="a">W22084-0982</subfield>
        <subfield code="c">v.97</subfield>
    </datafield>
    <datafield tag="955" ind1=" " ind2=" ">
        <subfield code="a">W22084-0983</subfield>
        <subfield code="c">v.98</subfield>
    </datafield>
    <datafield tag="955" ind1=" " ind2=" ">
        <subfield code="a">W22084-0984</subfield>
        <subfield code="c">v.99</subfield>
    </datafield>
    <datafield tag="955" ind1=" " ind2=" ">
        <subfield code="a">W22084-0985</subfield>
        <subfield code="c">v.100</subfield>
    </datafield>
    <datafield tag="955" ind1=" " ind2=" ">
        <subfield code="a">W22084-0986</subfield>
        <subfield code="c">v.101</subfield>
    </datafield>
    <datafield tag="955" ind1=" " ind2=" ">
        <subfield code="a">W22084-0987</subfield>
        <subfield code="c">v.102</subfield>
    </datafield>
    <datafield tag="955" ind1=" " ind2=" ">
        <subfield code="a">W22084-0988</subfield>
        <subfield code="c">v.103</subfield>
    </datafield>
</record>
